@article{hastie2007,
author = "Hastie, Trevor and Taylor, Jonathan and Tibshirani, Robert and Walther, Guenther",
doi = "10.1214/07-EJS004",
journal = "Electronic Journal of Statistics",
pages = "1--29",
publisher = "The Institute of Mathematical Statistics and the Bernoulli Society",
title = "Forward stagewise regression and the monotone lasso",
url = "http://dx.doi.org/10.1214/07-EJS004",
volume = "1",
year = "2007"
}
